<record><leader>00000cas a22000007a 4500</leader><controlfield tag="001">50153977</controlfield><controlfield tag="008">020711d19551963tnuwr ne      0    0eng d</controlfield><datafield ind1=" " ind2=" " tag="010"><subfield code="a">sn2002062611</subfield></datafield><datafield ind1=" " ind2=" " tag="040"><subfield code="a">TGN</subfield><subfield code="b">eng</subfield><subfield code="c">TGN</subfield><subfield code="d">OCLCF</subfield><subfield code="d">OCLCO</subfield></datafield><datafield ind1="1" ind2=" " tag="029"><subfield code="a">AU@</subfield><subfield code="b">000023754527</subfield></datafield><datafield ind1=" " ind2=" " tag="042"><subfield code="a">msc</subfield></datafield><datafield ind1="0" ind2=" " tag="130"><subfield code="a">Community news (Old Hickory, Tenn.)</subfield></datafield><datafield ind1="0" ind2="4" tag="245"><subfield code="a">The community news.</subfield></datafield><datafield ind1=" " ind2=" " tag="260"><subfield code="a">Old Hickory, Tenn. :</subfield><subfield code="b">[s.n.],</subfield><subfield code="c">1955-1963.</subfield></datafield><datafield ind1=" " ind2=" " tag="300"><subfield code="a">v.</subfield></datafield><datafield ind1=" " ind2=" " tag="310"><subfield code="a">Weekly</subfield></datafield><datafield ind1="0" ind2=" " tag="362"><subfield code="a">Vol. 31, no. 1 (Jan. 6, 1955)-v. 38, no. 40 (Oct. 3, 1963).</subfield></datafield><datafield ind1=" " ind2=" " tag="580"><subfield code="a">Formed by the union of: Madison news (Madison, Tenn.), and: Old Hickory news (Old Hickory, Tenn.).</subfield></datafield><datafield ind1=" " ind2=" " tag="580"><subfield code="a">Merged with: Madison shopper, to form: Community news and the Madison shopper.</subfield></datafield><datafield ind1=" " ind2="0" tag="651"><subfield code="a">Nashville (Tenn.)</subfield><subfield code="v">Newspapers.</subfield></datafield><datafield ind1=" " ind2="0" tag="651"><subfield code="a">Old Hickory (Tenn.)</subfield><subfield code="v">Newspapers.</subfield></datafield><datafield ind1=" " ind2="0" tag="651"><subfield code="a">Davidson County (Tenn.)</subfield><subfield code="v">Newspapers.</subfield></datafield><datafield ind1=" " ind2="7" tag="655"><subfield code="a">Newspapers.</subfield><subfield code="2">fast</subfield><subfield code="0">(OCoLC)fst01423814</subfield></datafield><datafield ind1=" " ind2="7" tag="651"><subfield code="a">Tennessee</subfield><subfield code="z">Davidson County.</subfield><subfield code="2">fast</subfield><subfield code="0">(OCoLC)fst01205346</subfield></datafield><datafield ind1=" " ind2="7" tag="651"><subfield code="a">Tennessee</subfield><subfield code="z">Nashville.</subfield><subfield code="2">fast</subfield><subfield code="0">(OCoLC)fst01204195</subfield></datafield><datafield ind1=" " ind2="7" tag="651"><subfield code="a">Tennessee</subfield><subfield code="z">Old Hickory.</subfield><subfield code="2">fast</subfield><subfield code="0">(OCoLC)fst01271948</subfield></datafield><datafield ind1=" " ind2=" " tag="752"><subfield code="a">United States</subfield><subfield code="b">Tennessee</subfield><subfield code="c">Davidson</subfield><subfield code="d">Nashville.</subfield></datafield><datafield ind1=" " ind2=" " tag="752"><subfield code="a">United States</subfield><subfield code="b">Tennessee</subfield><subfield code="c">Davidson</subfield><subfield code="d">Old Hickory.</subfield></datafield><datafield ind1="1" ind2="4" tag="780"><subfield code="t">Madison news (Madison, Tenn.)</subfield><subfield code="w">(DLC)sn 2002062625</subfield></datafield><datafield ind1="1" ind2="4" tag="780"><subfield code="t">Old Hickory news (Old Hickory, Tenn.)</subfield><subfield code="w">(DLC)sn 2002062610</subfield></datafield><datafield ind1="1" ind2="7" tag="785"><subfield code="t">Madison shopper</subfield></datafield><datafield ind1="1" ind2="7" tag="785"><subfield code="t">Community news and the Madison shopper</subfield><subfield code="w">(DLC)sn 2002062612</subfield></datafield></record>